@article{perraudin2019deepsphere,
  title={DeepSphere: Efficient spherical convolutional neural network with HEALPix sampling for cosmological applications},
  author={Perraudin, Nathana{\"e}l and Defferrard, Micha{\"e}l and Kacprzak, Tomasz and Sgier, Raphael},
  journal={Astronomy and Computing},
  volume={27},
  pages={130--146},
  year={2019},
  publisher={Elsevier}
}


@article{Frossard2017GraphBasedCO,
  title={Graph-Based Classification of Omnidirectional Images},
  author={Pascal Frossard and Renata Khasanova},
  journal={2017 IEEE International Conference on Computer Vision Workshops (ICCVW)},
  year={2017},
  pages={860-869}
}


@article{Driscoll:1994:CFT:184069.184073,
 author = {Driscoll, J. R. and Healy, D. M.},
 title = {Computing Fourier Transforms and Convolutions on the 2-Sphere},
 journal = {Adv. Appl. Math.},
 issue_date = {June 1994},
 volume = {15},
 number = {2},
 month = jun,
 year = {1994},
 issn = {0196-8858},
 pages = {202--250},
 numpages = {49},
 url = {http://dx.doi.org/10.1006/aama.1994.1008},
 doi = {10.1006/aama.1994.1008},
 acmid = {184073},
 publisher = {Academic Press, Inc.},
 address = {Orlando, FL, USA},
} 


@inproceedings{Belkin:2005:TTF:2138147.2138189,
 author = {Belkin, Mikhail and Niyogi, Partha},
 title = {Towards a Theoretical Foundation for Laplacian-based Manifold Methods},
 booktitle = {Proceedings of the 18th Annual Conference on Learning Theory},
 series = {COLT'05},
 year = {2005},
 isbn = {3-540-26556-2, 978-3-540-26556-6},
 location = {Bertinoro, Italy},
 pages = {486--500},
 numpages = {15},
 url = {http://dx.doi.org/10.1007/11503415_33},
 doi = {10.1007/11503415_33},
 acmid = {2138189},
 publisher = {Springer-Verlag},
 address = {Berlin, Heidelberg},
} 

